<record xmlns="http://www.loc.gov/MARC21/slim">
    <leader>00620nkm a22     7i 4500</leader>
    <controlfield tag="008">110701s                            zxx d</controlfield>
    <datafield tag="040" ind1=" " ind2=" ">
       <subfield code="a">NL-AmISG</subfield>
       <subfield code="b">eng</subfield>
       <subfield code="e">rda</subfield>
    </datafield>
    <datafield tag="100" ind1="1" ind2=" ">
        <subfield code="a"></subfield>
        <subfield code="d"></subfield>
        <subfield code="e"></subfield>
    </datafield>
    <datafield tag="110" ind1="2" ind2=" ">
        <subfield code="a"></subfield>
    </datafield>
    <datafield tag="111" ind1="2" ind2=" ">
        <subfield code="a"></subfield>
        <subfield code="e"></subfield>
        <subfield code="n"></subfield>
        <subfield code="d"></subfield>
        <subfield code="c"></subfield>
    </datafield>
    <datafield tag="245" ind1="1" ind2="0">
        <subfield code="a"></subfield>
        <subfield code="k">Visual document.</subfield>
    </datafield>
    <datafield tag="264" ind1=" " ind2="1">
        <subfield code="a">[Place of publication not identified :</subfield>
        <subfield code="b">publisher not identified],</subfield>
        <subfield code="c"></subfield>
       </datafield>
    <datafield tag="300" ind1=" " ind2=" ">
        <subfield code="a"></subfield>
        <subfield code="c"></subfield>
    </datafield>
   <datafield tag="336" ind1=" " ind2=" ">
    <subfield code="a">still image</subfield>
    <subfield code="b">sti</subfield>
    <subfield code="2">rdacontent</subfield>
      </datafield> 
   <datafield tag="337" ind1=" " ind2=" ">
    <subfield code="a">unmediated</subfield>
    <subfield code="b">n</subfield>
    <subfield code="2">rdamedia</subfield>
      </datafield> 
   <datafield tag="338" ind1=" " ind2=" ">
    <subfield code="a">sheet</subfield>
    <subfield code="b">nb</subfield>
    <subfield code="2">rdacarrier</subfield>
      </datafield>
    <datafield tag="500" ind1=" " ind2=" ">
        <subfield code="a"></subfield>
    </datafield>
   <datafield tag="520" ind1=" " ind2=" ">
        <subfield code="a"></subfield>
    </datafield>
    <datafield tag="540" ind1=" " ind2=" ">
        <subfield code="a">Copyright unknown.</subfield>
        <subfield code="b"></subfield>
    </datafield>
    <datafield tag="541" ind1=" " ind2=" ">
        <subfield code="a"></subfield>
        <subfield code="d"></subfield>
    </datafield>
    <datafield tag="542" ind1=" " ind2=" ">
        <subfield code="m">pictoright</subfield>
    </datafield>
    <datafield tag="600" ind1="1" ind2="4">
        <subfield code="a"></subfield>
    </datafield>
    <datafield tag="610" ind1="2" ind2="4">
        <subfield code="a"></subfield>
    </datafield>
    <datafield tag="648" ind1=" " ind2="4">
        <subfield code="a"></subfield>
    </datafield>
    <datafield tag="650" ind1=" " ind2="4">
        <subfield code="a"></subfield>
    </datafield>
    <datafield tag="651" ind1=" " ind2="4">
        <subfield code="a"></subfield>
    </datafield>
    <datafield tag="655" ind1=" " ind2="4">
        <subfield code="a">Photo.</subfield>
        <subfield code="0">(NL-AMISG)121213</subfield>
    </datafield>
    <datafield tag="700" ind1="1" ind2=" ">
        <subfield code="a"></subfield>
        <subfield code="e"></subfield>
    </datafield>
    <datafield tag="740" ind1="0" ind2=" ">
        <subfield code="a"></subfield>
    </datafield>
</record>